% the bibliography

@misc{tensorflow,
	author = {Abadi, M. and Agarwal, A. and Barham, P. and Brevdo, E. and
                  Chen, Z. and Citro, C. and Corrado, G. S. and Davis, A. and
                  Dean, J. and Devin, M. and Ghemawat, S. and Goodfellow, I. and
                  Harp, A. and Irving, G. and Isard, M. and Jia, Y. and
                  Jozefowicz, R. and Kaiser, L. and Kudlur, M. and Levenberg,
                  J. and Mané, D. and Monga, R. and Moore, S. and Murray,
                  D. and Olah, C. and Schuster, M. and Shlens, J. and Steiner,
                  B. and Sutskever, I. and Talwar, K. and Tucker, P. and
                  Vanhoucke, V. and Vasudevan, V. and Viégas, F. and Vinyals,
                  O. and Warden, P. and Wattenberg, M. and Wicke, M. and Yu,
                  Y. and Zheng, X.},
	title = {TensorFlow: Large-scale machine learning on heterogeneous
                  systems.},
	year = {2015},
	howpublished = {Software available from tensorﬂow.org},
	keywords = {tensorflow}
}

% http://research.google.com/pubs/pub37631.html
@inproceedings{37631,
	title = {Improving the speed of neural networks on CPUs},
	author  = {Vincent Vanhoucke and Andrew Senior and Mark Z. Mao},
	year  = 2011,
	booktitle = {Deep Learning and Unsupervised Feature Learning Workshop, NIPS 2011}
}

% http://ieeexplore.ieee.org/xpl/articleDetails.jsp?arnumber=1575717
@INPROCEEDINGS{1575717,
author={D. Steinkraus and I. Buck and P. Y. Simard},
booktitle={Eighth International Conference on Document Analysis and Recognition
                  (ICDAR'05)},
title={Using GPUs for machine learning algorithms},
year={2005},
pages={1115-1120 Vol. 2},
keywords={computer graphic equipment;learning (artificial intelligence);neural
                  nets;GPUs;graphic processing units;machine learning;neural
                  network GPU;Bandwidth;Central Processing Unit;Computer
                  graphics;Hardware;Machine learning;Machine learning
                  algorithms;Neural networks;Optical character recognition
                  software;Rendering (computer graphics);Testing},
doi={10.1109/ICDAR.2005.251},
ISSN={1520-5363},
month={Aug},}

% https://hal.inria.fr/inria-00112631/
@inproceedings{chellapilla:inria-00112631,
  TITLE = {{High Performance Convolutional Neural Networks for Document
                  Processing}},
  AUTHOR = {Chellapilla, Kumar and Puri, Sidd and Simard, Patrice},
  URL = {https://hal.inria.fr/inria-00112631},
  NOTE = {http://www.suvisoft.com},
  BOOKTITLE = {{Tenth International Workshop on Frontiers in Handwriting
                  Recognition}},
  ADDRESS = {La Baule (France)},
  ORGANIZATION = {{Universit{\'e} de Rennes 1}},
  EDITOR = {Guy Lorette},
  PUBLISHER = {{Suvisoft}},
  YEAR = {2006},
  MONTH = Oct,
  KEYWORDS = {Convolutional neural networks ; BLAS ; GPU},
  PDF = {https://hal.inria.fr/inria-00112631/file/p1038112283956.pdf},
  HAL_ID = {inria-00112631},
  HAL_VERSION = {v1},
}

% http://dl.acm.org/citation.cfm?id=1553486
@inproceedings{Raina:2009:LDU:1553374.1553486,
 author = {Raina, Rajat and Madhavan, Anand and Ng, Andrew Y.},
 title = {Large-scale Deep Unsupervised Learning Using Graphics Processors},
 booktitle = {Proceedings of the 26th Annual International Conference on Machine
                  Learning},
 series = {ICML '09},
 year = {2009},
 isbn = {978-1-60558-516-1},
 location = {Montreal, Quebec, Canada},
 pages = {873--880},
 numpages = {8},
 url = {http://doi.acm.org/10.1145/1553374.1553486},
 doi = {10.1145/1553374.1553486},
 acmid = {1553486},
 publisher = {ACM},
 address = {New York, NY, USA},
}

% http://www.sciencedirect.com/science/article/pii/S0893608012000524
@article{Cireşan2012333,
title = "Multi-column deep neural network for traffic sign classification ",
journal = "Neural Networks ",
volume = "32",
number = "",
pages = "333 - 338",
year = "2012",
note = "Selected Papers from \{IJCNN\} 2011 ",
issn = "0893-6080",
doi = "http://dx.doi.org/10.1016/j.neunet.2012.02.023",
url = "http://www.sciencedirect.com/science/article/pii/S0893608012000524",
author = "Dan Cireşan and Ueli Meier and Jonathan Masci and Jürgen Schmidhuber",
keywords = "Deep neural networks",
keywords = "Image classification",
keywords = "Traffic signs",
keywords = "Image preprocessing "
}

% http://www.bibsonomy.org/bibtex/2a84b424e534e11451989b635ac839fab/dblp
% and http://arxiv.org/abs/1308.4214
@article{journals/corr/GoodfellowWLDMPBBB13,
  added-at = {2013-09-01T00:00:00.000+0200},
  author = {Goodfellow, Ian J. and Warde-Farley, David and Lamblin, Pascal and
                  Dumoulin, Vincent and Mirza, Mehdi and Pascanu, Razvan and
                  Bergstra, James and Bastien, Frédéric and Bengio, Yoshua},
  biburl = {http://www.bibsonomy.org/bibtex/2a84b424e534e11451989b635ac839fab/dblp},
  ee = {http://arxiv.org/abs/1308.4214},
  interhash = {0d12ecca3130a55499e9445e860b6070},
  intrahash = {a84b424e534e11451989b635ac839fab},
  journal = {CoRR},
  keywords = {dblp},
  timestamp = {2013-09-03T11:33:54.000+0200},
  title = {Pylearn2: a machine learning research library.},
  url = {http://dblp.uni-trier.de/db/journals/corr/corr1308.html#GoodfellowWLDMPBBB13},
  volume = {abs/1308.4214},
  year = 2013
}

% http://conference.scipy.org/proceedings/scipy2010/bergstra.html
@InProceedings{ bergstra-proc-scipy-2010,
  author    = { James Bergstra and Olivier Breuleux and Fr\'ed\'eric Bastien and
                  Pascal Lamblin and Razvan Pascanu and Guillaume Desjardins and
                  Joseph Turian and David Warde-Farley and Yoshua Bengio },
  title     = { Theano: A CPU and GPU Math Compiler in Python },
  booktitle = { Proceedings of the 9th Python in Science Conference },
  pages     = { 3 - 10 },
  year      = { 2010 },
  editor    = { St\'efan van der Walt and Jarrod Millman }
}


% http://arxiv.org/abs/1211.5590
@article{DBLP:journals/corr/abs-1211-5590,
  author    = {Fr{\'{e}}d{\'{e}}ric Bastien and Pascal Lamblin and Razvan
                  Pascanu and James Bergstra and Ian J. Goodfellow and Arnaud
                  Bergeron and Nicolas Bouchard and David Warde{-}Farley and
                  Yoshua Bengio},
  title     = {Theano: new features and speed improvements},
  journal   = {CoRR},
  volume    = {abs/1211.5590},
  year      = {2012},
  url       = {http://arxiv.org/abs/1211.5590},
  timestamp = {Sat, 01 Dec 2012 20:32:38 +0100},
  biburl    = {http://dblp.uni-trier.de/rec/bib/journals/corr/abs-1211-5590},
  bibsource = {dblp computer science bibliography, http://dblp.org}
}

% Search in google scholar
@article{krizhevsky2010convolutional,
  title={Convolutional deep belief networks on cifar-10},
  author={Krizhevsky, Alex and Hinton, G},
  journal={Unpublished manuscript},
  volume={40},
  year={2010}
}

% Search in google scholar
@inproceedings{collobert2011torch7,
  title={Torch7: A matlab-like environment for machine learning},
  author={Collobert, Ronan and Kavukcuoglu, Koray and Farabet, Cl{\'e}ment},
  booktitle={BigLearn, NIPS Workshop},
  number={EPFL-CONF-192376},
  year={2011}
}
